<record><leader>00000cas a2200000 a 4500</leader><controlfield tag="001">35218347</controlfield><controlfield tag="008">960809d18861uuumiuwr ne      0    0eng c</controlfield><datafield ind1=" " ind2=" " tag="010"><subfield code="a">sn 97058033 </subfield></datafield><datafield ind1=" " ind2=" " tag="040"><subfield code="a">MHN</subfield><subfield code="b">eng</subfield><subfield code="c">MHN</subfield><subfield code="d">DLC</subfield><subfield code="d">OCL</subfield><subfield code="d">OCLCQ</subfield><subfield code="d">OCLCF</subfield><subfield code="d">OCLCO</subfield></datafield><datafield ind1="1" ind2=" " tag="029"><subfield code="a">AU@</subfield><subfield code="b">000013096117</subfield></datafield><datafield ind1=" " ind2=" " tag="042"><subfield code="a">pcc</subfield></datafield><datafield ind1=" " ind2=" " tag="043"><subfield code="a">n-us-mi</subfield></datafield><datafield ind1="0" ind2=" " tag="130"><subfield code="a">Delta (Escanaba, Mich.)</subfield></datafield><datafield ind1="1" ind2="4" tag="245"><subfield code="a">The Delta.</subfield></datafield><datafield ind1=" " ind2=" " tag="260"><subfield code="a">Escanaba, Mich. :</subfield><subfield code="b">Mason &amp; Bushnell</subfield></datafield><datafield ind1=" " ind2=" " tag="300"><subfield code="a">v.</subfield></datafield><datafield ind1=" " ind2=" " tag="310"><subfield code="a">Weekly</subfield></datafield><datafield ind1="0" ind2=" " tag="362"><subfield code="a">Vol. 1, no. 1 (Apr. 30, 1886)-</subfield></datafield><datafield ind1=" " ind2=" " tag="500"><subfield code="a">Published in Escanaba, Mich. : Apr. 30, 1886-June 7, 1887. Published in Gladstone, Mich. : June 14, 1887-</subfield></datafield><datafield ind1=" " ind2="0" tag="651"><subfield code="a">Escanaba (Mich.)</subfield><subfield code="v">Newspapers.</subfield></datafield><datafield ind1=" " ind2="0" tag="651"><subfield code="a">Gladstone (Mich.)</subfield><subfield code="v">Newspapers.</subfield></datafield><datafield ind1=" " ind2="0" tag="651"><subfield code="a">Delta County (Mich.)</subfield><subfield code="v">Newspapers.</subfield></datafield><datafield ind1=" " ind2="7" tag="655"><subfield code="a">Newspapers.</subfield><subfield code="2">fast</subfield><subfield code="0">(OCoLC)fst01423814</subfield></datafield><datafield ind1=" " ind2="7" tag="651"><subfield code="a">Michigan</subfield><subfield code="z">Delta County.</subfield><subfield code="2">fast</subfield><subfield code="0">(OCoLC)fst01214757</subfield></datafield><datafield ind1=" " ind2="7" tag="651"><subfield code="a">Michigan</subfield><subfield code="z">Escanaba.</subfield><subfield code="2">fast</subfield><subfield code="0">(OCoLC)fst01223806</subfield></datafield><datafield ind1=" " ind2="7" tag="651"><subfield code="a">Michigan</subfield><subfield code="z">Gladstone.</subfield><subfield code="2">fast</subfield><subfield code="0">(OCoLC)fst01219846</subfield></datafield><datafield ind1=" " ind2=" " tag="752"><subfield code="a">United States</subfield><subfield code="b">Michigan</subfield><subfield code="c">Delta</subfield><subfield code="d">Escanaba.</subfield></datafield><datafield ind1=" " ind2=" " tag="752"><subfield code="a">United States</subfield><subfield code="b">Michigan</subfield><subfield code="c">Delta</subfield><subfield code="d">Gladstone.</subfield></datafield><datafield ind1="0" ind2="0" tag="785"><subfield code="t">Gladstone Delta</subfield><subfield code="w">(DLC)sn 96076947</subfield><subfield code="w">(OCoLC)35218223</subfield></datafield></record>